<record><leader>00000cas a22000007a 4500</leader><controlfield tag="001">12898096</controlfield><controlfield tag="008">851212d19751984wiuwr ne      0    0eng d</controlfield><datafield ind1=" " ind2=" " tag="010"><subfield code="a">sn 85041476 </subfield></datafield><datafield ind1=" " ind2=" " tag="040"><subfield code="a">NPV</subfield><subfield code="b">eng</subfield><subfield code="c">NPV</subfield><subfield code="d">OCLCQ</subfield></datafield><datafield ind1=" " ind2=" " tag="042"><subfield code="a">msc</subfield></datafield><datafield ind1="0" ind2="4" tag="245"><subfield code="a">The Boyceville press-reporter.</subfield></datafield><datafield ind1=" " ind2=" " tag="260"><subfield code="a">Boyceville, Wis. :</subfield><subfield code="b">C.S. Hagen,</subfield><subfield code="c">1975-1984.</subfield></datafield><datafield ind1=" " ind2=" " tag="300"><subfield code="a">v.</subfield></datafield><datafield ind1=" " ind2=" " tag="310"><subfield code="a">Weekly</subfield></datafield><datafield ind1="0" ind2=" " tag="362"><subfield code="a">Vol. 65, no. 18 (June 5, 1975)-v. 74, no. 24 (July 5, 1984).</subfield></datafield><datafield ind1=" " ind2=" " tag="752"><subfield code="a">United States</subfield><subfield code="b">Wisconsin</subfield><subfield code="c">Dunn</subfield><subfield code="d">Boyceville.</subfield></datafield><datafield ind1="0" ind2="0" tag="780"><subfield code="t">Press-reporter</subfield><subfield code="w">(DLC)sn 85041475</subfield></datafield><datafield ind1="0" ind2="7" tag="785"><subfield code="t">Glenwood City tribune</subfield><subfield code="w">(DLC)sn 87082068</subfield></datafield><datafield ind1="0" ind2="7" tag="785"><subfield code="t">Tribune press reporter</subfield><subfield code="w">(DLC)sn 87082069</subfield></datafield></record>